
@article{scarani2004quantum,
	title={Quantum cryptography protocols robust against photon number splitting attacks for weak laser pulse implementations},
	author={Scarani, Valerio and Acin, Antonio and Ribordy, Gr{\'e}goire and Gisin, Nicolas},
	journal={Physical review letters},
	volume={92},
	number={5},
	pages={057901},
	year={2004},
	publisher={APS}
}


@article{bellare2005introduction,
	title={Introduction to modern cryptography},
	author={Bellare, Mihir and Rogaway, Phillip},
	journal={Ucsd Cse},
	volume={207},
	pages={207},
	year={2005}
}

@inproceedings{ch1984quantum,
	title={Quantum cryptography: public key distribution and coin tossing int},
	author={Ch, H Bennett and Brassard, G},
	booktitle={Conf. on Computers, Systems and Signal Processing (Bangalore, India},
	volume={175},
	year={1984}
}

@article{lo2005decoy,
	title={Decoy state quantum key distribution},
	author={Lo, Hoi-Kwong and Ma, Xiongfeng and Chen, Kai},
	journal={Physical review letters},
	volume={94},
	number={23},
	pages={230504},
	year={2005},
	publisher={APS}
}




@inproceedings{omran2011cryptanalytic,
	title={A cryptanalytic attack on Vigen{\`e}re cipher using genetic algorithm},
	author={Omran, SS and Al-Khalid, AS and Al-Saady, DM},
	booktitle={2011 IEEE Conference on Open Systems},
	pages={59--64},
	year={2011},
	organization={IEEE}
}

@inproceedings{senthil2013modern,
	title={A modern avatar of Julius Ceasar and Vigenere cipher},
	author={Senthil, K and Prasanthi, K and Rajaram, R},
	booktitle={2013 IEEE International Conference on Computational Intelligence and Computing Research},
	pages={1--3},
	year={2013},
	organization={IEEE}
}

@article{g2005n,
	title={Научно-технический прогресс и криптографическая деятельность в России XIX века},
	author={Гольев, ЮИ and Ларин, ДА and Тришин, АЕ and Шанкин, ГП},
	journal={Защита информации. INSIDE},
	number={2},
	pages={67--75},
	year={2005},
	language={russian},
	hyphenation={russian}
}

@inproceedings{блинов2020истории,
	title={ИЗ ИСТОРИИ КРИПТОГРАФИИ},
	author={Блинов, Роман Анатольевич and Кононенко, Сергей Викторович and Поздняков, Сергей Николаевич},
	booktitle={Высшая школа: научные исследования},
	pages={58--69},
	year={2020}
}

@book{hodges2014alan,
	title={Alan Turing: the enigma},
	author={Hodges, Andrew},
	year={2014},
	publisher={Princeton University Press}
}

@book{phil2016nesm,
	title={Философия и история науки и техники},
	author={{\CYRN}есмеянов, {\CYRE}вгений {\CYRE}фимович},
	year={2016},
	publisher={РИОР},
	language={russian},
	hyphenation={russian}
}

@book{deavours1985machine,
	title={Machine cryptography and modern cryptanalysis},
	author={Deavours, Cipher A and Kruh, Louis},
	year={1985},
	publisher={Artech House, Inc.}
}

@article{d2006sov,
	title={{\CYRS}оветская шифровальная техника. {\CYRL}енинградский период: 1935-1941 Часть 1. Истоки},
	author={Дадуков, НС and Репин, ГА and Скачков, ММ and Филин, ЮП},
	journal={Защита информации. Инсайд},
	number={1},
	pages={91--96},
	year={2006},
	publisher={Общество с ограниченной ответственностью Издательский Дом Афина},
	language={russian},
	hyphenation={russian}
}
